@MISC { really-smart-phone,
       author = {Robert Lee Hotz},
       title = {The Really Smart Phone },
       month = {April},
       year = {2012},
       howpublished = {\url{http://online.wsj.com/article/SB10001424052748704547604576263261679848814.html}}}


@MISC { pocketgpsworld,
       author = {Darren Griffin},
       title = {How does the Global Positioning System work ?},
       month = {Jun},
       year = {2011},
       howpublished = {\url{http://www.pocketgpsworld.com/howgpsworks.php}}}

@MISC { gps-sa,
       author = {GPS.gov},
       title = {Selective Availability},
       month = {Feb},
       year = {2012},
       howpublished = {\url{http://www.gps.gov/systems/gps/modernization/sa}}}

@MISC { gpsuser,
       author = {US Coast Guard},
       title = {Navigation Center's NAVSTAR GPS User Equipment Introduction},
       month = {Sep},
       year = {1996},
       howpublished = {\url{http://www.navcen.uscg.gov/pubs/gps/gpsuser/gpsuser.pdf}}}

@MISC { doc-location,
       title = {Obtaining User Location},
       author = {Official Google's developer documentation},
       howpublished = {\url{http://developer.android.com/guide/topics/location/obtaining-user-location.html}}}

@MISC { google-sniffed,
        title = {Google admits it sniffed out people's data},
        author = {TechEYE},
        month = {May},
        year = {2010},
        howpublished = {\url{http://news.techeye.net/security/google-admits-it-sniffed-out-peoples-data}}}

@MISC { dynamic-cell,
        title = {Dynamic Cell-ID: Clever way to Block Google, but will it Backfire?},
        author = {Francisco Kattan},
        month = {Feb},
        year = {2010},
        howpublished = {\url{http://franciscokattan.com/2010/02/06/dynamic-cell-id-clever-way-to-block-google-but-will-it-backfire/}}}

@MISC { cnil-fine,
        title = {Dynamic Cell-ID: Clever way to Block Google, but will it Backfire?},
        author = {BBC UK},
        month = {Mar},
        year = {2011},
        howpublished = {\url{http://www.bbc.co.uk/news/technology-12809076}}}

@MISC { soft-locdump,
          title = {Android location dump},
          author = {Magnus Eriksson},
          howpublished = {\url{https://github.com/packetlss/android-locdump}}}

@MISC { skyhook-coverage,
          title = {SkyHook Coverage Area},
          howpublished = {\url{http://www.skyhookwireless.com/location-technology/coverage.php}}}

@MISC { loc-not-traceable,
          title = {Testimony of Alan Davidson, director of public policy at Google},
          howpublished = {\url{http://www.judiciary.senate.gov/pdf/11-5-10%20Davidson%20Testimony.pdf}}}

@MISC { nomap,
          author = {Google},
          month = {Nov},
          year = {2011},
          title = {Greater choice for wireless access point owners},
          howpublished = {\url{http://googleblog.blogspot.com/2011/11/greater-choice-for-wireless-access.html}}}

@MISC { cnet-andr-samy,
        title = {Android data tied to users? Some say yes},
        author = {Declan McCullagh},
        month = {Apr},
        year = {2011},
        howpublished = {\url{http://news.cnet.com/8301-31921_3-20056657-281.html}}}

@MISC { boot-restriction,
       title = {Android 3.1 developper Launch controls on stopped applications},
       month = {May},
       year = {2011},
       howpublished = {\url{https://developer.android.com/about/versions/android-3.1.html#launchcontrols}}}

@MISC { secu-bouncer,
          author = {Google},
       title = {Android and Security},
       month = {Feb},
       year = {2012},
       howpublished = {\url{https://developer.android.com/about/versions/android-3.1.html#launchcontrols}}}

@MISC { secu-defcon,
          author = {Ben Pan},
       title = {APK File Infection on an Android System},
       month = {Jul},
       year = {2012}}

@MISC { trendnet-hack,
          author = {Anonymous},
       title = {Trendnet Cameras - I always feel like somebody's watching me.},
       month = {Jan},
       year = {2012},
       howpublished = {\url{http://console-cowboys.blogspot.be/2012/01/trendnet-cameras-i-always-feel-like.html}}}

@MISC { dlink-gpl-viol,
          author = {gpl-violation.org},
       title = {gpl-violations.org project prevails in court case on GPL violation by D-Link},
       month = {Sep},
       year = {2006},
       howpublished = {\url{http://gpl-violations.org/news/20060922-dlink-judgement_frankfurt.html}}}

@MISC { ucsniff,
          author = {VIPER Lab},
       title = {UCSniff: VoIP and IP Video Security Assessment Tool},
       howpublished = {\url{http://ucsniff.sourceforge.net/index.html}}}
